<record><leader>00000cas a22000007a 4500</leader><controlfield tag="001">22457042</controlfield><controlfield tag="008">901001d18uu188ucouuu ne      0    0eng d</controlfield><datafield ind1=" " ind2=" " tag="010"><subfield code="a">sn 90051747 </subfield></datafield><datafield ind1=" " ind2=" " tag="040"><subfield code="a">CNQ</subfield><subfield code="b">eng</subfield><subfield code="c">CNQ</subfield><subfield code="d">OCLCQ</subfield></datafield><datafield ind1=" " ind2=" " tag="042"><subfield code="a">msc</subfield></datafield><datafield ind1="0" ind2="4" tag="245"><subfield code="a">The ten-mile news with which are incorporated the Summit County and Leadville circulars.</subfield></datafield><datafield ind1="1" ind2="3" tag="246"><subfield code="a">Ten mile news</subfield></datafield><datafield ind1=" " ind2=" " tag="260"><subfield code="a">Kokomo-Recen, Colo. :</subfield><subfield code="b">[s.n.]</subfield></datafield><datafield ind1=" " ind2=" " tag="300"><subfield code="a">v.</subfield></datafield><datafield ind1=" " ind2=" " tag="588"><subfield code="a">Description based on: Vol. 2, no. 39 (Sept. 9, 1882).</subfield></datafield><datafield ind1=" " ind2=" " tag="752"><subfield code="a">United States</subfield><subfield code="b">Colorado</subfield><subfield code="c">Summit</subfield><subfield code="d">Kokomo-Recen.</subfield></datafield><datafield ind1="0" ind2="0" tag="785"><subfield code="t">Ten-mile news</subfield><subfield code="w">(DLC)sn 89052155</subfield></datafield></record>